@article{pldb,
  author  = {Breck Yunits et al.},
  title   = {The Programming Language Database},
  journal = {PLDB},
  year    = {2022},
  url     = {https://pldb.com}
}

@article{openreplay,
  author  = {Open Replay},
  title   = {Open Replay},
  year    = {2022},
  url     = {https://openreplay.com}
}

@article{csharpgenerics,
  author  = {microsoft},
  title   = {Constraints on type parameters},
  year    = {2022},
  url     = {https://docs.microsoft.com/en-us/dotnet/csharp/programming-guide/generics/constraints-on-type-parameters}
}

@article{javagenerics,
  author  = {Oracle},
  title   = {Generic Methods and Bounded Type Parameters},
  year    = {2022},
  url     = {https://docs.oracle.com/javase/tutorial/java/generics/boundedTypeParams.html}
}

@article{tsgenerics,
  author  = {microsoft},
  title   = {Generic Constraints},
  year    = {2022},
  url     = {https://www.typescriptlang.org/docs/handbook/2/generics.html#generic-constraints}
}

@article{so2022survey,
  author    = {StackOverflow},
  title     = {StackOverflow 2022 Developer Survey},
  year      = {2022},
  url       = {https://survey.stackoverflow.co/2022}
}

@article{chameleon,
  author  = {Fu, Shuai},
  title   = {The Chameleon Type Debugger},
  journal = {The Chameleon Type Debugger},
  year    = {2022},
  url     = {https://chameleon.typecheck.me}
}

@article{ghc,
  author  = {Ben Gamari et al.},
  title   = {The Glasgow Haskell Compiler},
  url     = {https://www.haskell.org/ghc},
  journal = {The glasgow haskell compiler},
  year    = {2022}
}

@article{haskellwiki,
  title   = {Haskell Wiki},
  url     = {https://wiki.haskell.org/Haskell},
  journal = {Haskell Wiki},
  year    = {2022}
}


@article{githubHaskell,
  title   = {Haskell Topic},
  url     = {https://github.com/topics/haskell},
  journal = {GitHub},
  year    = {2022}
}

@inproceedings{simon2000typeview,
  title     = {Typeview: a tool for understanding type errors},
  author    = {Simon, Axel and Chitil, Olaf and Huch, Frank},
  booktitle = {Draft Proceedings of the 12th International Workshop on Implementation of Functional Languages},
  pages     = {63--69},
  year      = {2000}
}

@article{heeren2002improving,
  title  = {Improving type-error messages in functional languages},
  author = {Heeren, BJ and Jeuring, JT and Swierstra, Doaitse and Alcocer, Pablo Azero},
  year   = {2002}
}

@article{robillard2004investigatesourcecode,
  title     = {How effective developers investigate source code: An exploratory study},
  author    = {Robillard, Martin P and Coelho, Wesley and Murphy, Gail C},
  journal   = {IEEE Transactions on software engineering},
  volume    = {30},
  number    = {12},
  pages     = {889--903},
  year      = {2004},
  publisher = {IEEE}
}

@article{lerner2007searchingtypeerror,
  title     = {Searching for type-error messages},
  author    = {Lerner, Benjamin S and Flower, Matthew and Grossman, Dan and Chambers, Craig},
  journal   = {ACM SIGPLAN Notices},
  volume    = {42},
  number    = {6},
  pages     = {425--434},
  year      = {2007},
  publisher = {ACM New York, NY, USA}
}

@article{jun2002explaining,
  title     = {Explaining polymorphic types},
  author    = {Jun, Yang and Michaelson, Greg and Trinder, Phil},
  journal   = {The Computer Journal},
  volume    = {45},
  number    = {4},
  pages     = {436--452},
  year      = {2002},
  publisher = {Oxford University Press}
}

@techreport{rahli2010constraint,
  title       = {A constraint system for a SML type error slicer},
  author      = {Rahli, Vincent and Wells, Joe B and Kamareddine, Fairouz},
  year        = {2010},
  institution = {Heriot-Watt University, MACS, ULTRA group}
}

@article{seidel2017learningtoblame,
  title     = {Learning to blame: localizing novice type errors with data-driven diagnosis},
  author    = {Seidel, Eric L and Sibghat, Huma and Chaudhuri, Kamalika and Weimer, Westley and Jhala, Ranjit},
  journal   = {Proceedings of the ACM on Programming Languages},
  volume    = {1},
  number    = {OOPSLA},
  pages     = {1--27},
  year      = {2017},
  publisher = {ACM New York, NY, USA}
}

@article{haack2004type,
  title     = {Type error slicing in implicitly typed higher-order languages},
  author    = {Haack, Christian and Wells, Joe B},
  journal   = {Science of Computer Programming},
  volume    = {50},
  number    = {1-3},
  pages     = {189--224},
  year      = {2004},
  publisher = {Elsevier}
}

@inproceedings{ko2009finding,
  title     = {Finding causes of program output with the Java Whyline},
  author    = {Ko, Amy J and Myers, Brad A},
  booktitle = {Proceedings of the SIGCHI Conference on Human Factors in Computing Systems},
  pages     = {1569--1578},
  year      = {2009}
}

@inproceedings{stuckey2003interactive,
  title     = {Interactive type debugging in Haskell},
  author    = {Stuckey, Peter J and Sulzmann, Martin and Wazny, Jeremy},
  booktitle = {Proceedings of the 2003 ACM SIGPLAN workshop on Haskell},
  pages     = {72--83},
  year      = {2003}
}

@inproceedings{yang2000improved,
  title        = {Improved type error reporting},
  author       = {Yang, Jun and Michaelson, Greg and Trinder, Phil and Wells, Joseph Brian},
  booktitle    = {In Proceedings of 12th International Workshop on Implementation of Functional Languages},
  year         = {2000},
  organization = {Citeseer}
}

@book{nielsen1994usability,
  title     = {Usability engineering},
  author    = {Nielsen, Jakob},
  year      = {1994},
  publisher = {Morgan Kaufmann}
}

@incollection{chatley2019next700,
  title     = {The next 7000 programming languages},
  author    = {Chatley, Robert and Donaldson, Alastair and Mycroft, Alan},
  booktitle = {Computing and Software Science},
  pages     = {250--282},
  year      = {2019},
  publisher = {Springer}
}


@inproceedings{kleinschmager2012static,
  title={Do static type systems improve the maintainability of software systems? An empirical study},
  author={Kleinschmager, Sebastian and Robbes, Romain and Stefik, Andreas and Hanenberg, Stefan and Tanter, Eric},
  booktitle={2012 20th IEEE International Conference on Program Comprehension (ICPC)},
  pages={153--162},
  year={2012},
  organization={IEEE}
}

@techreport{mayer2012static,
  title={Static type systems (sometimes) have a positive impact on the usability of undocumented software: An empirical evaluation},
  author={Mayer, Clemens and Hanenberg, Stefan and Robbes, Romain and Tanter, {\'E}ric and Stefik, Andreas},
  year={2012},
  institution={Citeseer}
}

@inproceedings{marceau2011measuring,
  title={Measuring the effectiveness of error messages designed for novice programmers},
  author={Marceau, Guillaume and Fisler, Kathi and Krishnamurthi, Shriram},
  booktitle={Proceedings of the 42nd ACM technical symposium on Computer science education},
  pages={499--504},
  year={2011}
}

@article{tirronen2015understanding,
  title={Understanding beginners' mistakes with Haskell},
  author={Tirronen, Ville and Uusi-M{\"a}kel{\"a}, Samuel and Isom{\"o}tt{\"o}nen, Ville},
  journal={Journal of Functional Programming},
  volume={25},
  year={2015},
  publisher={Cambridge University Press}
}

@inproceedings{yang1999explaining,
  title={Explaining Type Errors by Finding the Source of a Type Conflict.},
  author={Yang, Jun},
  booktitle={Scottish Functional Programming Workshop},
  volume={1},
  pages={59--67},
  year={1999},
  organization={Citeseer}
}

@article{busoniu2013sealion,
  title={SeaLion: An eclipse-based IDE for answer-set programming with advanced debugging support},
  author={Busoniu, Paula-Andra and Oetsch, Johannes and P{\"u}hrer, J{\"o}rg and SKO{\v{C}}OVSK{\'Y}, PETER and Tompits, Hans},
  journal={Theory and Practice of Logic Programming},
  volume={13},
  number={4-5},
  pages={657--673},
  year={2013},
  publisher={Cambridge University Press}
}

@inproceedings{banken2018debugging,
  title={Debugging data flows in reactive programs},
  author={Banken, Herman and Meijer, Erik and Gousios, Georgios},
  booktitle={2018 IEEE/ACM 40th International Conference on Software Engineering (ICSE)},
  pages={752--763},
  year={2018},
  organization={IEEE}
}

@inproceedings{salvaneschi2016debugging,
  title={Debugging for reactive programming},
  author={Salvaneschi, Guido and Mezini, Mira},
  booktitle={2016 IEEE/ACM 38th International Conference on Software Engineering (ICSE)},
  pages={796--807},
  year={2016},
  organization={IEEE}
}

@inproceedings{hudak2007history,
  title={A history of Haskell: being lazy with class},
  author={Hudak, Paul and Hughes, John and Peyton Jones, Simon and Wadler, Philip},
  booktitle={Proceedings of the third ACM SIGPLAN conference on History of programming languages},
  pages={12--1},
  year={2007}
}

@article{jbara2017programmers,
  title={How programmers read regular code: a controlled experiment using eye tracking},
  author={Jbara, Ahmad and Feitelson, Dror G},
  journal={Empirical software engineering},
  volume={22},
  number={3},
  pages={1440--1477},
  year={2017},
  publisher={Springer}
}